<record><leader>00000cas a22000007a 4500</leader><controlfield tag="001">10901352</controlfield><controlfield tag="008">840629d18721904deuwr ne      0    0eng d</controlfield><datafield ind1=" " ind2=" " tag="010"><subfield code="a">sn 84026832 </subfield></datafield><datafield ind1=" " ind2=" " tag="040"><subfield code="a">NPU</subfield><subfield code="b">eng</subfield><subfield code="c">NPU</subfield><subfield code="d">NPX</subfield><subfield code="d">DLC</subfield><subfield code="d">DEX</subfield><subfield code="d">NYS</subfield><subfield code="d">OCLCQ</subfield></datafield><datafield ind1=" " ind2=" " tag="042"><subfield code="a">msc</subfield></datafield><datafield ind1="0" ind2=" " tag="130"><subfield code="a">Peninsular news and advertiser (Milford, Del. : 1872)</subfield></datafield><datafield ind1="1" ind2="0" tag="245"><subfield code="a">Peninsular news and advertiser.</subfield></datafield><datafield ind1=" " ind2=" " tag="260"><subfield code="a">Milford, Del. :</subfield><subfield code="b">Wm. P. Corsa</subfield></datafield><datafield ind1=" " ind2=" " tag="300"><subfield code="a">v. ;</subfield><subfield code="c">61 cm.</subfield></datafield><datafield ind1=" " ind2=" " tag="310"><subfield code="a">Weekly</subfield></datafield><datafield ind1="1" ind2=" " tag="362"><subfield code="a">Began in 1872; ceased in 1904.</subfield></datafield><datafield ind1=" " ind2=" " tag="588"><subfield code="a">Description based on: Vol. 9, no. 39 (Sept. 27, 1872).</subfield></datafield><datafield ind1=" " ind2=" " tag="752"><subfield code="a">United States</subfield><subfield code="b">Delaware</subfield><subfield code="c">Sussex</subfield><subfield code="d">Milford.</subfield></datafield><datafield ind1="0" ind2="0" tag="780"><subfield code="t">Our mutual friend</subfield><subfield code="w">(DLC)sn 84026831</subfield></datafield><datafield ind1="0" ind2="5" tag="785"><subfield code="t">Milford chronicle</subfield><subfield code="w">(DLC)sn 87062224</subfield></datafield><datafield ind1="1" ind2=" " tag="029"><subfield code="a">AU@</subfield><subfield code="b">000020338314</subfield></datafield></record>